-------------------------------------------------------------------------------
Survey Papers
-------------------------------------------------------------------------------

A 2011 survey paper that talks about runtime policy enforcement.  Probably not
worth citing on its own but raiding the bibliography might be prudent.
@techreport{gheorghe2011_survey,
  title       = {{A Survey of Runtime Policy Enforcement Techniques and Implementations}},
  author      = {Gheorghe, Gabriela and Crispo, Bruno},
  year        = {2011},
  institution = {University of Trento},
  url         = {http://eprints.biblio.unitn.it/2268/1/techRep477.pdf},
}

-------------------------------------------------------------------------------
Historical Process Confinement
-------------------------------------------------------------------------------

The original description of the process confinement problem
@article{lampson1973_a_note,
  author    = {Lampson, Butler W.},
  title     = {{A Note on the Confinement Problem}},
  year      = {1973},
  publisher = {Association for Computing Machinery},
  address   = {New York, NY, USA},
  volume    = {16},
  number    = {10},
  issn      = {0001-0782},
  doi       = {10.1145/362375.362389},
  journal   = {Communications of the ACM},
  pages     = {613–615},
  numpages  = {3},
}

Multics ring protection
@article{graham1968_protection,
  author    = {Graham, Robert M.},
  title     = {Protection in an Information Processing Utility},
  year      = {1968},
  publisher = {Association for Computing Machinery},
  address   = {New York, NY, USA},
  volume    = {11},
  number    = {5},
  issn      = {0001-0782},
  doi       = {10.1145/363095.363146},
  journal   = {Communications of the ACM},
  pages     = {365–369},
  numpages  = {5},
}

Morris worm
@inproceedings{spafford1989_morris,
  author    = {Eugene H. Spafford},
  title     = {{The Internet Worm Incident}},
  booktitle = {{ESEC} '89, 2nd European Software Engineering Conference, University
               of Warwick, Coventry, UK, September 11-15, 1989, Proceedings},
  series    = {Lecture Notes in Computer Science},
  volume    = {387},
  pages     = {446--468},
  publisher = {Springer},
  year      = {1989},
  doi       = {10.1007/3-540-51635-2\_54},
}


Unix
@inproceedings{ritchie1973_unix,
  author    = {Ritchie, Dennis M. and Thompson, Ken},
  title     = {{The UNIX Time-Sharing System}},
  year      = {1973},
  isbn      = {9781450373746},
  publisher = {Association for Computing Machinery},
  address   = {New York, NY, USA},
  doi       = {10.1145/800009.808045},
  booktitle = {Proceedings of the Fourth ACM Symposium on Operating System Principles},
  pages     = {27},
  numpages  = {1},
  series    = {SOSP '73}
}

@article{crowell2013_confinement_problem,
  author    = {Alexander Crowell and Beng Heng Ng and Earlence Fernandes and Atul Prakash},
  title     = {{The Confinement Problem: 40 Years Later}},
  journal   = {Journal of Information Processing Systems},
  volume    = {9},
  number    = {2},
  pages     = {189--204},
  year      = {2013},
  doi       = {10.3745/JIPS.2013.9.2.189},
  url       = {http://jips-k.org/journals/jips/digital-library/manuscript/file/22579/JIPS-2013-9-2-189.pdf},
}

@article{cohen1996_secure,
  author    = {Frederick B. Cohen},
  title     = {{A Secure World-Wide-Web Daemon}},
  journal   = {Comput. Secur.},
  volume    = {15},
  number    = {8},
  pages     = {707--724},
  year      = {1996},
  doi       = {10.1016/S0167-4048(96)00009-0},
}



-------------------------------------------------------------------------------
Process Confinement
-------------------------------------------------------------------------------

A comparison of Unix sandboxing techniques
Comparing seccomp-bpf, capsicum, and pledge
@article{anderson2017_comparison,
  author       = {Anderson, J},
  title        = {{A Comparison of Unix Sandboxing Techniques}},
  journaltitle = {FreeBSD Journal},
  %volume      = {NN},
  %number      = {NN},
  year         = {2017},
  %pages       = {NN--NN}
  url          = {http://www.engr.mun.ca/~anderson/publications/2017/sandbox-comparison.pdf},
}


My paper on bpfbox
@inproceedings{findlay20_bpfbox,
  title       = {{bpfbox: Simple Precise Process Confinement with eBPF}},
  author      = {William Findlay and Anil Buntwal Somayaji and David Barrera},
  booktitle   = {Proceedings of the 2020 ACM Cloud Computing Security Workshop (CCSW'2020)},
  month       = {Nov},
  year        = {2020},
  doi         = {10.1145/3411495.3421358},
  note        = {To appear}
}

@inproceedings{gamble1993_execution_controls,
  author = {Todd Gamble},
  title = {{Implementing Execution Controls in Unix}},
  booktitle = {Proceedings of the Seventh Large Installation System Administration Conference (LISA)},
  publisher = {The USENIX Association},
  year = {1993},
  url = {https://www.usenix.org/legacy/publications/library/proceedings/lisa93/full_papers/gamble.pdf},
}

Tron was an early effort at writing process-specific policies for Unix back in
1995! Crazy stuff
@inproceedings{berman1995_tron,
  author    = {Andrew Berman and Virgil Bourassa and Erik Selberg},
  title     = {{TRON: Process-Specific File Protection for the UNIX Operating System}},
  booktitle = {Proceedings of the USENIX 1995 Technical Conference},
  publisher = {The USENIX Association},
  year      = {1995},
  pages     = {165--175},
  url       = {https://citeseerx.ist.psu.edu/viewdoc/download?doi=10.1.1.56.9149&rep=rep1&type=pdf},
}

Janus implements process confinement in userspace using an extended version
of ptrace (ptrace++)
@inproceedings{goldberg96_janus,
  author    = {Ian Goldberg and David Wagner and Randi Thomas and Eric Brewer},
  title     = {{A Secure Environment for Untrusted Helper Applications (Confining the Wily Hacker)}},
  booktitle = {Proceedings of the Sixth USENIX UNIX Security Symposium},
  publisher = {The USENIX Association},
  year      = {1996},
  url       = {https://www.usenix.org/legacy/publications/library/proceedings/sec96/full_papers/goldberg/goldberg.pdf},
}
@mastersthesis{wagner1999_janus,
  title       = {{Janus: An Approach for Confinement of Untrusted Applications}},
  author      = {Wagner, David A},
  year        = {1999},
  school      = {University of California, Berkeley},
  url         = {https://www2.eecs.berkeley.edu/Pubs/TechRpts/1999/CSD-99-1056.pdf},
}

System call interposition for process confinement and intrustion detection.
Allegedly this work is Janus 2.0
@inproceedings{jain05_janus2,
  author    = {Jain, K and Sekar, R},
  title     = {{User-level infrastructure for system call interposition: A platform for intrusion detection and confinement}},
  booktitle = {Proceedings of the Network and Distributed Systems Security Symposium (NDSS)},
  year      = {2005},
}

Provos
@inproceedings{provos2003_systrace,
  author = {Niels Provos},
  title = {{Improving Host Security with System Call Policies}},
  booktitle = {Proceedings of the 13th USENIX UNIX Security Symposium},
  publisher = {The USENIX Association},
  year = {2003},
  url = {https://www.usenix.org/legacy/events/sec03/tech/full_papers/provos/provos_html},
}

Usability study of AppArmor, SELinux, and FBAC-LSM
@inproceedings{schreuders12_towards,
  title       = {{Towards Usable Application-Oriented Access Controls}},
  author      = {Schreuders, Z Cliffe and McGill, Tanya Jane and Payne, Christian},
  booktitle   = {{International Journal of Information Security and Privacy}},
  volume      = {6},
  number      = {1},
  pages       = {57--76},
  year        = {2012},
  doi         = {10.4018/jisp.2012010104},
}

-------------------------------------------------------------------------------
Policy Generation
-------------------------------------------------------------------------------

@inproceedings{macmillan07_madison,
  title       = {{Madison: A new approach to policy generation}},
  author      = {MacMillan, Karl},
  booktitle   = {{SELinux Symposium}},
  volume      = {7},
  year        = {2007},
  url         = {http://selinuxsymposium.org/2007/papers/08-polgen.pdf},
}

TODO: Add other systems cited in the madison paper

@inproceedings{sniffen06_guided,
  title       = {{Guided policy generation for application authors}},
  author      = {Sniffen, Brian T and Harris, David R and Ramsdell, John D},
  booktitle   = {{SELinux Symposium}},
  year        = {2006},
  url         = {http://gelit.ch/td/SELinux/Publications/Mitre_Tools.pdf},
}

@misc{audit2allow,
  title       = {{audit2allow}},
  author      = {Justin R. Smith and Yuichi Nakamura and Dan Walsh},
  note        = {Linux user's manual},
  url         = {http://linux.die.net/man/1/audit2allow},
}

@misc{aa_easyprof,
  title       = {{aa-easyprof}},
  author      = {{AppArmor authors}},
  note        = {Linux user's manual},
  url         = {https://manpages.ubuntu.com/manpages/precise/man8/aa-easyprof.8.html},
}

@inproceedings{inoue05_java,
  title     = {{Inferring Java Security Policies through Dynamic Sandboxing}},
  author    = {Hajime Inoue and Stephanie Forrest},
  url       = {https://www.cs.unm.edu/~forrest/publications/inoue-plc-05.pdf},
  booktitle = {International Conference on Programming Languages and Compilers (PLC’05)},
  year      = {2005},
}

@phdthesis{inoue05_thesis,
  title  = {{Anomaly detection in dynamic execution environments}},
  author = {Inoue, Hajime},
  year   = {2005},
  school = {University of New Mexico},
  url    = {https://www.cs.unm.edu/~forrest/dissertations/inoue-dissertation.pdf},
}

-------------------------------------------------------------------------------
Policy Auditing
-------------------------------------------------------------------------------

@inproceedings{deshotels18_ioracle,
  author      = {Deshotels, Luke and Deaconescu, Razvan and Carabas, Costin and Manda, Iulia and Enck, William and Chiroiu, Mihai and Li, Ninghui and Sadeghi, Ahmad-Reza},
  title       = {{iOracle: Automated Evaluation of Access Control Policies in iOS}},
  year        = {2018},
  isbn        = {9781450355766},
  publisher   = {Association for Computing Machinery},
  address     = {New York, NY, USA},
  doi         = {10.1145/3196494.3196527},
  booktitle   = {Proceedings of the 2018 on Asia Conference on Computer and Communications Security},
  pages       = {117–131},
  numpages    = {15},
  keywords    = {iphone, access control, mobile security, ios, policy modeling},
  location    = {Incheon, Republic of Korea},
  series      = {ASIACCS '18},
}

@inproceedings{chen09_vulsan,
  author    = {Hong Chen and Ninghui Li and Ziqing Mao},
  title     = {{Analyzing and Comparing the Protection Quality of Security Enhanced Operating Systems}},
  booktitle = {Proceedings of the Network and Distributed Systems Security Symposium (NDSS)},
  year      = {2009},
  url       = {https://www.ndss-symposium.org/wp-content/uploads/2017/09/Chen.pdf},
}

-------------------------------------------------------------------------------
Langauge Generation
-------------------------------------------------------------------------------

-------------------------------------------------------------------------------
Anomaly Detection and Sequence Analysis
-------------------------------------------------------------------------------

@phdthesis{soma02_pH,
  title       = {{Operating System Stability and Security through Process Homeostasis}},
  url         = {https://people.scs.carleton.ca/~soma/pubs/soma-diss.pdf},
  school      = {University of New Mexico},
  author      = {Somayaji, Anil Buntwal},
  year        = {2002},
}

@inproceedings{forrest96_sense_of_self,
  author      = {S. {Forrest} and S. A. {Hofmeyr} and A. {Somayaji} and T. A. {Longstaff}},
  booktitle   = {{Proceedings 1996 IEEE Symposium on Security and Privacy}},
  title       = {{A Sense of Self for Unix Processes}},
  year        = {1996},
  volume      = {},
  number      = {},
  pages       = {120-128},
  doi         = {10.1109/SECPRI.1996.502675},
  ISSN        = {1081-6011},
  month       = {May},
}

@inproceedings{soma07_lookahead,
  place       = {New York, New York},
  title       = {{Lookahead Pairs and Full Sequences: A Tale of Two Anomaly Detection Methods}},
  url         = {http://people.scs.carleton.ca/~soma/pubs/inoue-albany2007.pdf},
  booktitle   = {{Proceedings of the 2nd Annual Symposium on Information Assurance Academic track of the 10th Annual 2007 NYS Cyber Security Conference}},
  publisher   = {{NYS Cyber Security Conference}},
  author      = {Somayaji, Anil Buntwal and Inoue, Hajime},
  year        = {2007},
  pages       = {9–19}
}

@thesis{findlay20_ebpH,
  title       = {{Host-Based Anomaly Detection with Extended BPF}},
  author      = {William Findlay},
  month       = {April},
  year        = {2020},
  institution = {Carleton University},
  type        = {Honours Thesis},
  url         = {https://williamfindlay.com/written/thesis.pdf}
}

-------------------------------------------------------------------------------
Semantic Meaning in Computing
-------------------------------------------------------------------------------

-------------------------------------------------------------------------------
eBPF Background
-------------------------------------------------------------------------------

Article on eBPF in LWN
@article{fleming17_ebpf,
  title       = {{A thorough introduction to eBPF}},
  url         = {https://lwn.net/Articles/740157},
  journal     = {{LWN.net}},
  author      = {Fleming, Matt},
  year        = {2017},
  month       = {Dec},
  urldate     = {2020-09-26},
}

The literal book on eBPF
@book{gregg19_bpf,
  title       = {{BPF Performance Tools}},
  author      = {Gregg, Brendan},
  year        = {2019},
  isbn        = {0-13-655482-2},
  publisher   = {Addison-Wesley Professional}
}

-------------------------------------------------------------------------------
Misc.
-------------------------------------------------------------------------------

Discord privacy policy
@misc{discord,
  author  = {{Discord}},
  title   = {{Discord Privacy Policy}},
  urldate = {2020-10-25},
  url     = {https://discord.com/privacy}
}

Return-Oriented Programming
@inproceedings{shacham2007_rop,
  author    = {Shacham, Hovav},
  title     = {{The Geometry of Innocent Flesh on the Bone: Return-into-Libc without Function Calls (on the X86)}},
  year      = {2007},
  isbn      = {9781595937032},
  publisher = {Association for Computing Machinery},
  address   = {New York, NY, USA},
  url       = {https://doi-org.proxy.library.carleton.ca/10.1145/1315245.1315313},
  doi       = {10.1145/1315245.1315313},
  booktitle = {Proceedings of the 14th ACM Conference on Computer and Communications Security},
  pages     = {552–561},
  numpages  = {10},
  location  = {Alexandria, Virginia, USA},
  series    = {CCS '07}
}
